@MISC{ATUS,
  HOWPUBLISHED = {\url{https://www.bls.gov/tus/}},
  AUTHOR = {{Bereau of Labor Statistics}},
  TITLE = {The American Time Use Survey},
  YEAR = {2017}
  }
@INBOOK{ATUSDataDictionary,
  AUTHOR = {{Bereau of Labor Statistics}},
  TITLE = {ATUS Data Dictionary},
  YEAR = {2017},
  PAGES = {11}
  }