@MISC{ATUS,
  AUTHOR = {{Bureau of Labor Statistics}},
  TITLE = {The American Time Use Survey},
  YEAR = {2017},
  HOWPUBLISHED = {\url{https://www.bls.gov/tus/}}
}

@INBOOK{ATUSDataDictionary,
  AUTHOR = {{Bureau of Labor Statistics}},
  TITLE = {ATUS Data Dictionary},
  YEAR = {2017},
  PAGES = {11}
}

@MISC{atusdatasets,
  TITLE = {\relax ATUS Datasets},
  HOWPUBLISHED = {\url{https://www.bls.gov/tus/datafiles_0317.htm}}
}


